<record><leader>00000cas a22000007a 4500</leader><controlfield tag="001">26714866</controlfield><controlfield tag="008">921002d19881993ctuwr ne      0    0eng d</controlfield><datafield ind1=" " ind2=" " tag="010"><subfield code="a">sn 92051439 </subfield></datafield><datafield ind1=" " ind2=" " tag="040"><subfield code="a">CNW</subfield><subfield code="b">eng</subfield><subfield code="c">CNW</subfield><subfield code="d">OCLCQ</subfield></datafield><datafield ind1=" " ind2=" " tag="042"><subfield code="a">msc</subfield></datafield><datafield ind1="0" ind2="0" tag="245"><subfield code="a">GTD.</subfield></datafield><datafield ind1="3" ind2="0" tag="246"><subfield code="a">Good times dispatch</subfield></datafield><datafield ind1="3" ind2="0" tag="246"><subfield code="a">Kent good times dispatch</subfield></datafield><datafield ind1="1" ind2="7" tag="246"><subfield code="a">Kent GTD</subfield></datafield><datafield ind1=" " ind2=" " tag="260"><subfield code="a">Kent, Conn. :</subfield><subfield code="b">Robert S. Mellis</subfield></datafield><datafield ind1=" " ind2=" " tag="300"><subfield code="a">v.</subfield></datafield><datafield ind1=" " ind2=" " tag="310"><subfield code="a">Weekly</subfield></datafield><datafield ind1="0" ind2=" " tag="362"><subfield code="a">Vol. 37, no. 36 (Sept. 15, 1988)-June 3, 1993.</subfield></datafield><datafield ind1=" " ind2="4" tag="651"><subfield code="a">Kent (Conn.)</subfield><subfield code="v">Newspapers.</subfield></datafield><datafield ind1=" " ind2=" " tag="752"><subfield code="a">United States</subfield><subfield code="b">Connecticut</subfield><subfield code="c">Litchfield</subfield><subfield code="d">Kent.</subfield></datafield><datafield ind1="0" ind2="0" tag="780"><subfield code="t">Kent good times dispatch (Kent, Conn. : 1958)</subfield><subfield code="w">(DLC)sn 92051438</subfield><subfield code="w">(OCoLC)26714840</subfield></datafield><datafield ind1="0" ind2="5" tag="780"><subfield code="t">Kent weathervane</subfield><subfield code="g">May 1990</subfield></datafield><datafield ind1="0" ind2="0" tag="785"><subfield code="t">Kent good times dispatch (Kent, Conn. : 1993)</subfield><subfield code="w">(DLC)sn 94053129</subfield></datafield><datafield ind1="1" ind2=" " tag="029"><subfield code="a">AU@</subfield><subfield code="b">000020741205</subfield></datafield></record>